@book{ref1,
  Author = "{M}ichael {J}. {Q}uinn",
  Title = "{P}arallel {P}rogramming in {C} with {MPI} and {O}pen{MP}",
  Publisher = "{M}c{G}raw-{H}ill {S}cience/{E}ngineering/{M}ath",
  Year = {2003},
  ISBN = {0072822562}
}