@article{ref1,
 author = {Bowen, Jonathan},
 title = {The Ethics of Safety-Critical Systems},
 journal = {Commun. ACM},
 volume = {43},
 number = {4},
 month = {April},
 year = {2000},
 issn = {0001-0782},
 pages = {91--97},
 numpages = {7},
 url = {http://doi.acm.org/10.1145/332051.332078},
 doi = {10.1145/332051.332078},
 acmid = {332078},
 publisher = {ACM},
 address = {New York, NY, USA},
}

@mastersthesis{ref2,
    author = {Amel Muftic},
    title = {Ethics and Safety-Critical Software Systems},
    school = {M{\"a}lardalen University}
    month= {January},
    year = {2005},
    type ={Computer Engineering}
}

@article{ref3,
    author = {Shaoying Liu and Victoria Stavridou and Bruno Dutertre and Shaoying Liu Victoria Stavridou},
    title = {The Practice of Formal Methods in Safety Critical Systems},
    journal = {Journal of Systems and Software},
    year = {1995},
    volume = {28},
    pages = {28--77}
}