@misc{ref1,
       title = "{P}riority {Q}ueues",
       author = "{K}evin {W}ayne",
       howpublished = "http://www.cs.princeton.edu/~wayne/kleinberg-tardos/pdf/BinomialHeaps.pdf",
       school = "Princeton University",
       year = "2013",
       notes = "Copyright Â© 2005 Pearson-Addison Wesley"
     }

@misc{ref2,
       title = "{B}inomial {H}eap",
       author = "{U}nknown",
       howpublished = "http://en.wikipedia.org/wiki/Binomial\_heap",
       year = "2015"
     }